<?xml version="1.0" encoding="UTF-8"?><collection xmlns="http://www.loc.gov/MARC21/slim"><record><leader>00543nam--2200205-i-4500</leader><controlfield tag="001">000006043</controlfield><controlfield tag="002">20161230</controlfield><controlfield tag="005">20161230201026</controlfield><controlfield tag="008">060222s1000------------r-----000-0-eng-d</controlfield><datafield ind1=" " ind2=" " tag="040"><subfield code="a">IFIN-HH</subfield></datafield><datafield ind1=" " ind2=" " tag="080"><subfield code="a">519.281</subfield></datafield><datafield ind1="1" ind2=" " tag="100"><subfield code="a">Cochran, W.G</subfield></datafield><datafield ind1="1" ind2="0" tag="245"><subfield code="a">Experimental designs</subfield><subfield code="c">W.g. cochran, g.m. cox</subfield></datafield><datafield ind1=" " ind2=" " tag="250"><subfield code="a">Second Edition</subfield></datafield><datafield ind1=" " ind2=" " tag="260"><subfield code="a">New York</subfield><subfield code="b">John Wiley &amp; Sons, Inc</subfield><subfield code="c">1962</subfield></datafield><datafield ind1=" " ind2=" " tag="300"><subfield code="a">XIV + 611 P</subfield></datafield><datafield ind1=" " ind2=" " tag="490"><subfield code="a">Wiley Publications In Statistics</subfield></datafield><datafield ind1="1" ind2=" " tag="700"><subfield code="a">Cox, G.M</subfield></datafield><datafield ind1=" " ind2=" " tag="852"><subfield code="a">17820</subfield><subfield code="c">519.24</subfield></datafield><datafield ind1=" " ind2=" " tag="CAT"><subfield code="a">Sys</subfield><subfield code="c">20130802</subfield><subfield code="h">121130</subfield></datafield></record></collection>